2143 2883
520 149 591 198 SS.
607 140 821 216 CorJEsa
851 137 1291 217 obedientffmum;
1452 196 1457 201 .
1516 162 1613 213 103

109 254 402 316 mandatis4&
439 253 796 321 inspirationibus
829 257 981 323 tuispc
1012 253 1289 320 superiorum
1308 251 1444 315 juffis.
1510 253 1710 301 Detestor

110 322 355 371 vecordiam
394 336 617 380 meamlac
655 318 865 368 rebeliem
892 273 1165 368 voluntaptem
1204 352 1218 372 ‚
1254 320 1517 384 veniamque
1552 320 1715 366 errotis

114 381 298 434 admiffi
321 386 547 435 humiliter
580 386 733 451 flagito
756 417 771 438 ,
816 390 862 433 ὃς
898 400 973 450 pet
1002 388 1160 432 metita
1185 384 1256 432 SS
1298 389 1345 431 &
1377 372 1733 431 obedientissimi*

111 454 152 499 C
167 452 266 499 OR
282 453 400 499 DIS
427 440 503 498 tui
515 468 624 516 rogo
651 484 664 506 ,
703 466 751 497 ut
775 468 849 498 cor
884 450 994 496 mihi
1016 450 1167 517 largiri
1188 438 1381 514 dignetis
1412 450 1567 497 sanetis
1588 465 1715 495 man-

112 518 222 565 datis
247 519 333 564 tuis
360 517 528 583 semper
561 520 609 564 in
636 516 846 566 omnibus
881 514 1304 566 obedientiffimunn
1375 506 1490 564 Ita
1469 534 1498 563 0
1523 517 1585 563 mi
1607 516 1630 575 J
1656 515 1716 559 E·

112 584 139 629 S
158 586 238 630 U.
227 583 238 616 ¹

279 667 324 707 7.
395 645 620 697 Recotdor
636 646 722 701 hic,
737 648 869 712 quam
898 648 1088 694 severam
1102 646 1400 695 obedientiam
1418 645 1500 695 suis
1516 644 1717 694 Ducibus

112 716 306 778 praestate
345 713 528 762 debeant
553 713 729 761 milites.
807 715 875 760 De
903 713 1104 776 Scipione
1131 717 1300 775 Majote
1323 712 1514 760 recenset
1544 712 1718 760 Plutar-

112 781 219 827 chus
246 812 258 832 ,
296 779 417 854 quod
441 779 571 826 hocce
595 780 732 827 laudis
761 778 845 826 suis
879 776 1097 826 militibus
1131 778 1378 827 attribuerit
1411 810 1426 831 ,
1461 777 1638 824 nullum
1668 777 1719 821 in

112 847 303 892 exercitu
329 838 412 893 suo
461 861 683 910 repertum
736 847 788 891 iri
828 875 842 896 ‚
850 846 972 920 qui
1005 861 1097 890 non
1134 845 1186 891 ad
1214 849 1398 890 unicum
1460 842 1643 891 verbum
1672 856 1719 888 ac

113 927 275 957 nutum
297 911 424 958 suum
449 912 505 957 de
528 910 727 958 altiffima
750 925 862 956 turri
889 909 1089 989 prompte
1112 909 1190 958 se
1178 926 1225 956 in
1239 925 1400 957 terram
1414 909 1719 975 praecipitaret,

114 991 187 1024 aut
208 979 254 1022 in
280 976 552 1049 profundum
577 978 707 1024 matis
732 977 772 1023 se
795 961 1035 1028 demitttet.

282 1025 649 1105 VerunPrinceps
677 1073 691 1096 ‚
737 1057 785 1087 ut
813 1041 992 1088 suorum
1015 1041 1206 1087 militum
1224 1040 1524 1088 obedientiam
1556 1036 1721 1104 proba-

115 1123 183 1156 tet
213 1139 227 1160 ‚
260 1123 402 1154 unum
426 1108 478 1153 de
507 1107 615 1155 celsa
640 1088 764 1153 turri
784 1137 799 1159 ,
835 1109 882 1152 in
911 1122 999 1170 qua
1023 1104 1225 1153 excubias
1248 1105 1444 1154 solebant
1470 1121 1597 1181 agere
1615 1136 1629 1157 ‚
1665 1104 1720 1150 ad

115 1175 156 1220 se
182 1175 229 1218 in
255 1187 370 1220 terra
392 1171 624 1219 consistens
671 1173 883 1224 evocavit,
910 1172 1121 1218 mandans
1145 1203 1159 1225 ‚
1198 1187 1247 1218 ut
1271 1172 1359 1219 εἰτὸ
1385 1187 1459 1235 per
1493 1174 1637 1217 aetem
1665 1169 1720 1215 ad

115 1240 160 1285 se
185 1238 465 1285 descenderet
491 1268 504 1290 ‚
542 1239 621 1301 qui
647 1237 762 1284 nihil
786 1238 1012 1284 cunetatus
1039 1254 1146 1283 mox
1175 1238 1217 1284 se
1255 1238 1516 1303 praecipitem
1548 1237 1596 1280 in
1629 1249 1722 1280 ter-

114 1319 206 1351 ram
234 1302 354 1348 dedit
378 1334 392 1355 ,
428 1301 752 1366 confiafflsque
779 1300 992 1360 membris
1014 1318 1116 1349 ante
1140 1302 1270 1366 pedes
1295 1305 1432 1350 Ducis
1451 1287 1684 1365 expiravit

286 1367 452 1414 Laudat
478 1368 687 1430 scriptura
727 1356 1024 1414 obedientiam
1059 1368 1254 1415 militum
1295 1401 1309 1423 ,
1356 1371 1435 1433 qui
1468 1366 1722 1477 quondam...

120 1431 197 1482 sub
223 1436 345 1481 Duce
370 1432 653 1480 Achimelech
679 1433 889 1510 stipendia
928 1435 1187 1500 meruerunt
1212 1467 1228 1490 2
1266 1438 1344 1499 qui
1368 1451 1471 1481 cum
1497 1434 1569 1480 vid
1575 1431 1717 1485 slent,

112 1499 236 1564 quod
272 1500 360 1564 ipse
392 1498 499 1546 belli
537 1502 643 1546 Dux
678 1513 846 1563 arrepta
880 1498 1019 1545 securi
1054 1499 1222 1548 arboris
1246 1516 1420 1548 ramum
1445 1497 1715 1564 praecidisser,

112 1571 159 1612 δε
185 1565 433 1627 impositum
459 1564 656 1612 humeris
683 1564 737 1612 ad
769 1565 1114 1629 expugnandum
1141 1566 1440 1642 Sichimozum
1472 1562 1717 1630 praesidium

113 1631 317 1696 portasset
334 1662 348 1684 ‚
364 1648 469 1678 mox
483 1647 638 1678 omnes
653 1645 740 1678 tam
752 1629 919 1677 illustre
934 1633 1069 1677 Ducis
1083 1616 1284 1680 suiexem
1288 1626 1412 1695 plum
1430 1631 1564 1680 secuti
1581 1629 1718 1677 sunt·

118 1700 277 1761 Igitur
311 1700 535 1742 certatim
562 1712 714 1742 ramos
738 1695 794 1740 de
819 1693 1069 1741 arboribus
1089 1696 1387 1759 praecidentes
1415 1729 1428 1752 ‚
1462 1693 1742 1761 sequebam*
1758 1703 1911 1763 (ud9
1916 1719 1997 1758 4,

118 1776 198 1808 tur
222 1761 415 1811 ducem.
455 1765 538 1824 qui
567 1761 915 1807 circumdantes
940 1761 1191 1824 praesidium
1241 1754 1570 1838 suc-cefferunt.

284 1830 352 1872 En
370 1830 553 1904 Dux'ac
581 1826 773 1874 Salvator
793 1842 895 1872 tuus
918 1842 1019 1872 cum
1045 1826 1198 1892 ligone
1212 1831 1375 1890 crucis!
1379 1833 1426 1874 &
1452 1830 1722 1874 instrumen-

117 1895 173 1941 tis
203 1892 402 1957 paffionis
426 1924 440 1945 ,
477 1909 571 1955 quae
597 1909 714 1939 arma
737 1882 945 1939 hadkenus
971 1891 1176 1957 semper
1163 1910 1209 1941 m
1234 1895 1303 1940 SS.
1349 1894 1610 1941 CORDE
1645 1889 1724 1941 suo

117 1960 293 2024 gestavit
321 1991 334 2011 ,
369 1974 487 2004 nunc
513 1956 686 2023 publice
709 1974 801 2006 non
828 1955 1003 2003 tantum
1030 1960 1078 2004 in
1103 1957 1277 2005 officina
1303 1959 1346 2004 S.
1367 1958 1564 2024 josephi,
1592 1959 1661 2006 sed
1674 1975 1723 2005 e-

119 2028 225 2071 tiam
253 2026 299 2069 in
325 2023 418 2070 aliis
443 2024 744 2070 construendis
769 2015 1003 2102 aedibussac
1027 2006 1328 2072 mansionibus
1346 2025 1442 2095 tibi
1475 2013 1677 2089 praecedit
1704 2056 1719 2078 ‚

118 2095 163 2136 &
194 2092 240 2133 in
269 2088 435 2135 summa
472 2088 723 2135 obedientia
760 2120 775 2143 ,
813 2088 1059 2152 sudoreque
1095 2089 1240 2136 vultus
1283 2068 1367 2137 sui
1382 2107 1496 2156 pane
1523 2091 1726 2141 vescitur.
1762 2101 1806 2176 x

121 2158 175 2199 Et
202 2169 249 2199 tu
277 2154 458 2201 delicate
484 2156 611 2200 miles
641 2153 728 2201 sine
764 2152 1012 2202 obedientia
1042 2187 1054 2208 ‚
1093 2154 1182 2202 fine
1209 2154 1355 2203 labore
1379 2187 1395 2208 ,
1434 2155 1523 2202 fine
1547 2172 1683 2202 onere
1708 2187 1724 2208 ,

120 2218 208 2265 sne
233 2216 490 2267 difficultate
518 2221 674 2266 audeas
708 2220 761 2266 ad
787 2219 1005 2267 coelestem
1035 2222 1219 2286 gloriam
1252 2220 1486 2285 aspirare?
1524 2225 1599 2286 qui
1627 2219 1725 2267 fab-

117 2287 275 2332 ricatus
299 2285 358 2331 est
392 2289 676 2340 auroram‘q&
712 2284 846 2333 solem
884 2317 899 2338 ‚
923 2286 1013 2333 ille
1036 2302 1259 2347 tantusffac
1292 2241 1724 2352 glisssrigintalplu·

34 2392 45 2413 .ιὶ
87 2406 89 2410 ¹
120 2366 272 2413 resque
297 2367 446 2403 annos
462 2354 508 2399 in
535 2351 710 2435 ίῑιωιτιιτιο
734 2349 883 2398 labore
920 2351 1110 2415 explevit
1141 2387 1155 2407 ‚
1193 2357 1238 2398 &
1262 2367 1311 2398 tu
1346 2367 1517 2417 tempus
1550 2385 1564 2406 ‚
1601 2353 1723 2416 quod

120 2416 182 2463 ad
202 2406 454 2465 salvandam
472 2410 662 2464 a'niniam
689 2423 809 2475 tuam
837 2419 1057 2464 miseratio
1088 2418 1346 2466 Conditoris
1366 2417 1447 2465 tibi
1471 2419 1673 2482 indulget
1709 2450 1725 2471 ,

119 2466 341 2527 otiando‘
326 2511 340 2532 ,
371 2473 609 2563 jocando
590 2514 605 2534 ,
639 2474 844 2531 ludendo
861 2514 874 2534 ,
911 2476 1113 2546 potando
1126 2515 1141 2535 ‚
1181 2489 1226 2529 δε
1252 2501 1309 2530 ne
1343 2484 1481 2532 dicam
1509 2516 1522 2534 ‚
1559 2484 1726 2544 aliquid

125 2545 241 2592 aliud
268 2535 446 2611 agendo
462 2548 716 2595 consumis?
751 2550 797 2594 Ο
827 2550 1034 2612 ionavnm
1065 2549 1218 2611 pecus!
1254 2550 1307 2596 de
1332 2567 1423 2614 quo
1449 2551 1534 2596 dici
1562 2551 1725 2612 potest,

127 2612 246 2674 quod
277 2615 331 2661 ad
362 2613 773 2662 Nabuchodonosor
801 2616 971 2679 Regem
1009 2613 1234 2679 quondam
1264 2615 1432 2665 dietum
1463 2617 1522 2663 est
1547 2646 1560 2665 2
1596 2614 1726 2663 cum..

1528 2681 1664 2731 COR
